@IEEEtranBSTCTL{BSTcontrol,
  CTLname_url_prefix = "[Online]. Verf√ºgbar:"
}

@manual{arduinoTarget,
  author = "Simon Waldherr",
  title = "Target3001-templates-and-examples",
  url = "https://github.com/SimonWaldherr/Target3001-templates-and-examples",
  year = "2013 (aufgerufen 22. Mai 2017)",
}
